
@misc{donaldtrumpDonaldWilde2020,
  title = {{Donald der Wilde}},
  shorttitle = {{Donald der Wilde}},
  author = {Donald Trump},
  year = {2020},
  publisher = {{FoxNews}},
  abstract = {Donald ist mega},
  file = {C\:\\Users\\Ralph\\Zotero\\storage\\QQ8USK98\\SiewertBoller2020_RuckblickvierJahreTrump_FINAL.pdf},
  language = {Deutsch}
}


